@BOOK{Schlosser2021,
	AUTHOR = {Schlosser, Joachim},
	YEAR = {2021},
	TITLE = {Wissenschaftliche Arbeiten schreiben mit LaTeX - Leitfaden für Einsteiger},
	EDITION = {},
	ISBN = {978-3-747-50446-8},
	PUBLISHER = {MITP},
	ADDRESS = {Bonn},
}

@online{Eurostat,
	author = {Eurostat},
	title = {Increase in online education in the EU in 2023},
	url = {https://ec.europa.eu/eurostat/web/products-eurostat-news/w/ddn-20240124-2},
	date = {2024-01-04},
	note = {[Zugriff: 14.01.2025]}
}

@online{Potomac,
	author = {University of Potomac},
	title = {Online Learning vs Traditional Learning},
	url = {https://potomac.edu/learning/online-learning-vs-traditional-learning/},
	date = {2024-07-16},
	note = {[Zugriff: 14.01.2025]}
}

@BOOK{Alby2019,
	AUTHOR = {Alby, Tom},
	YEAR = {2019},
	TITLE = {Einführung in die Webanalyse},
	EDITION = {},
	ISBN = {978-3-8362-7236-0},
	PUBLISHER = {Rheinwerk Computing},
	ADDRESS = {},
}